% ----- A -----
@Book{Aitkaci-91,
  author =    {H. A\"{\i}t-Kaci},
  title =     {{Warren's Abstract Machine -- A Tutorial Reconstruction}},
  year =      {1991},
  publisher = {The MIT Press},
}

@Article{Ali-86,
  author =  {K. Ali},
  title =   {{Or-parallel Execution of Prolog on a Multi-Sequential Machine}},
  journal = {International Journal of Parallel Programming},
  year =    {1986},
  volume =  {15},
  number =  {3},
  pages =   {189--214},
  OPTmonth =   {June},
}

@InProceedings{Ali-87,
  author =    {K. Ali},
  title =     {{A Method for Implementing Cut in Parallel Execution of Prolog}},
  booktitle = {International Logic Programming Symposium},
  pages =     {449--456},
  year =      {1987},
  OPTmonth =     {October},
  publisher = {IEEE Computer Society Press},
  OPTaddress =   {San Francisco, California},
}

@Article{Ali-90a,
  author =  {K. Ali and R. Karlsson},
  title =   {{The Muse Approach to OR-Parallel Prolog}},
  journal = {International Journal of Parallel Programming},
  year =    {1990},
  volume =  {19},
  number =  {2},
  pages =   {129--162},
  OPTmonth =   {April},
}

@Article{Ali-90b,
  author =  {K. Ali and R. Karlsson},
  title =   {{Full Prolog and Scheduling OR-Parallelism in Muse}},
  journal = {International Journal of Parallel Programming},
  volume =  {19},
  number =  {6},
  pages =   {445--475},
  OPTmonth =   {December},
  year =    {1990},
}

@Article{Ali-92a,
  author =  {K. Ali and R. Karlsson},
  title =   {{Scheduling Speculative Work in MUSE and Performance Results}},
  journal = {International Journal of Parallel Programming},
  year =    {1992},
  volume =  {21},
  number =  {6},
  pages =   {449--476},
  OPTmonth =   {December},
}

@Article{Ali-92b,
  author =  {K. Ali and R. Karlsson and S. Mudambi},
  title =   {{Performance of Muse on Switch-Based Multiprocessor Machines}}, 
  journal = {New Generation Computing},
  year =    {1992},
  volume =  {11},
  number =  {1 \& 4},
  pages =   {81--103},
}

@InProceedings{Ali-92c,
  author =    {K. Ali and R. Karlsson},
  title =     {{OR-Parallel Speedups in a Knowledge Based System: on Muse and Aurora}},
  booktitle = {International Conference on Fifth Generation Computer Systems},
  year =      {1992},
  OPTmonth =     {June},
  pages =     {739--745},
  publisher = {Association for Computing Machinery},
  OPTaddress =   {Tokyo, Japan}
}

@Article{Ali-98,
  author =    {K. Ali},
  title =     {{A Simple Generational Real-Time Garbage Collection Scheme}},
  journal =   {New Generation Computing},
  publisher = {Ohmsha and Springer-Verlag},
  year =      {1998},
  volume =    {16},
  number =    {2},
  pages =     {201--221},
}

@Article{Apt-82,
  author =  {K. Apt and M. van Emden},
  title =   {{Contributions to the Theory of Logic Programming}},
  journal = {Journal of the ACM},
  year =    {1982},
  volume =  {29},
  number =  {3},
  pages =   {841--862},
  OPTmonth =   {July},
}

@Article{Apt-94,
  author =  {K. Apt and R. Bol},
  title =   {{Logic Programming and Negation: A Survey}},
  journal = {Journal of Logic Programming},
  year =    {1994},
  volume =  {19 \& 20},
  pages =   {9--72},
  OPTmonth =   {May},
}

@Article{Araujo-97,
  author =  {L. Araujo and J. Ruz},
  title	=   {{A Parallel Prolog System for Distributed Memory}},
  journal = {Journal of Logic Programming},
  number =  {1},
  volume =  {33},
  pages =   {49--79},
  year =    {1997},
}

@InProceedings{Aurora-88,
  author =    {E. Lusk and R. Butler and T. Disz and R. Olson and R. Overbeek and R. Stevens and D. H. D. Warren and A. Calderwood and P. Szeredi and S. Haridi and P. Brand and M. Carlsson and A. Ciepielewski and B. Hausman},
  title =     {{The Aurora Or-Parallel Prolog System}},
  booktitle = {International Conference on Fifth Generation Computer Systems},
  publisher = {Institute for New Generation Computer Technology},
  year =      {1988},
  pages =     {819--830},
  OPTmonth =     {November},
  OPTaddress =   {Tokyo, Japan},
}
% ----- B -----
@InProceedings{Bachmair-93,
  author =    {L. Bachmair and T. Chen and I. V. Ramakrishnan},
  title =     {{Associative Commutative Discrimination Nets}},
  booktitle = {International Joint Conference on Theory and Practice of Software Development},
  pages =     {61--74},
  year =      {1993},
  number =    {668},
  series =    {LNCS},
  publisher = {Springer-Verlag},
  OPTaddress =    {Orsay, France},
}

@PhdThesis{Barklund-PhD,
  author = {J. Barklund},
  title =  {{Parallel Unification}},
  school = {Uppsala University},
  year =   {1990},
}

@InProceedings{Beaumont-91,
  author =    {A. Beaumont and S. Raman and P. Szeredi and D. H. D. Warren},
  title =     {{Flexible Scheduling of OR-Parallelism in Aurora: The Bristol Scheduler}},
  booktitle = {Conference on Parallel Architectures and Languages Europe},
  year =      {1991},
  series =    {LNCS},
  OPTmonth =     {June},
  publisher = {Springer-Verlag},
  pages =     {403--420},
  number =    {506},
}

@InProceedings{Beaumont-93,
  author =    {A. Beaumont and D. H. D. Warren},
  title =     {{Scheduling Speculative Work in Or-Parallel Prolog Systems}},
  pages =     {135--149},
  booktitle = {International Conference on Logic Programming},
  year =      {1993},
  publisher = {The MIT Press},
  OPTaddress =   {Budapest, Hungary},
}

@InProceedings{Beeri-87,
  author =    {C. Beeri and R. Ramakrishnan},
  title =     {{On the Power of Magic}},
  booktitle = {ACM SIGACT-SIGMOD Symposium on Principles of Database Systems},
  year =      {1987},
  OPTmonth =     {March},
  OPTaddress =   {San Diego, USA},
}

@Article{Beeri-91,
  author =  {C. Beeri and R. Ramakrishnan},
  title =   {{On the Power of Magic}},
  journal = {Journal of Logic Programming},
  year =    {1991},
  volume =  {10},
  number =  {3 \& 4},
  pages =   {255--299},
  OPTmonth =   {April/May},
}

@InProceedings{Benjumea-93,
  author =    {V. Benjumea and J. M. Troya},
  title =     {{An OR Parallel Prolog Model for Distributed Memory Systems}},
  booktitle = {International Symposium on Programming Language Implementation and Logic Programming},
  publisher = {Springer-Verlag},
  number =    {714},
  series =    {LNCS},
  pages =     {291--301},
  year =      {1993},
}

@Article{Benson-05,
  author =  {D. Benson and I. Karsch-Mizrachi and D. Lipman and J. Ostell and D. Wheeler},
  title =   {{GenBank}},
  journal = {Nucleic Acids Research},
  year =    {2005},
  volume =  {33},
  pages =   {235--242},
}

@InProceedings{Berardi-04,
  author =    {M. Berardi and A. Varlaro and D. Malerba},
  title =     {{On the Effect of Caching in Recursive Theory Learning}},
  booktitle = {International Conference on Inductive Logic Programming},
  year =      {2004},
  pages =     {44--62},
  series =    {LNAI},
  publisher = {Springer-Verlag},
}

@Article{Berman-00,
  author =  {H. M. Berman and J. Westbrook and Z. Feng and G. Gilliland and T. N. Bhat and H. Weissig and I. N. Shindyalov and P. E. Bourne},
  title =   {{The Protein Data Bank}},
  journal = {Nucleic Acids Research},
  year =    {2000},
  pages =   {235--242},
}

@InProceedings{Blockeel-96,
  author =    {H. Blockeel and L. De Raedt},
  title =     {{Relational Knowledge Discovery in Databases}},
  booktitle = {International Workshop on Inductive Logic Programming},
  pages =     {199--211},
  year =      {1996},
  OPTeditor =    {S. Muggleton},
  number =    {1314},
  series =    {LNAI},
  publisher = {Springer-Verlag},
}

@Article{Blockeel-98,
  author =  {H. Blockeel and L. De Raedt},
  title =   {{Top-Down Induction of First-Order Logical Decision Trees}},
  journal = {Artificial Intelligence},
  year =    {1998},
  volume =  {101},
  pages =   {285--297},
}

@Article{Blockeel-02,
  author =  {H. Blockeel and L. Dehaspe and B. Demoen and G. Janssens and J. Ramon and H. Vandecasteele},
  title =   {{Improving the Efficiency of Inductive Logic Programming Through the Use of Query Packs}},
  journal = {Journal of Machine Learning Research},
  year =    {2002},
  volume =  {16},
  pages =   {135--166},
}

@Article{Bobrow-79,
  author =  {D. G. Bobrow and D. W. Clark},
  title =   {{Compact Encodings of List Structure}},
  journal = {ACM Transactions on Programming Languages and Systems},
  volume =  {1},
  number =  {2},
  year =    {1979},
  pages =   {266--286},
}

@InProceedings{Bockhorst-04,
  author =    {J. Bockhorst and I. M. Ong},
  title =     {{FOIL-D: Efficiently Scaling FOIL for Multi-Relational Data Mining of Large Datasets}},
  booktitle = {International Conference on Inductive Logic Programming},
  year =      {2004},
  pages =     {63--79},
  series =    {LNAI},
  publisher = {Springer-Verlag},
}

@Article{Boldi-02,
  author =    {P. Boldi and M. Santini and S. Vigna},
  title =     {{Measuring with jugs}},
  journal =   {Theoretical Computer Science},
  volume =    {282},
  number =    {2},
  year =      {2002},
  pages =     {259--270},
  publisher = {Elsevier},
  OPTaddress =   {Essex, UK}
}

@InProceedings{Bonwick-94,
  author =    {J. Bonwick},
  title =     {{The Slab Allocator: An Object-Caching Kernel Memory Allocator}},
  booktitle = {Usenix Summer 1994 Technical Conference},
  publisher = {Usenix Association},
  year =      {1994},
  pages =     {87--98},
  OPTaddress =   {Boston, USA},
}

@Article{Botta-03,
  author =    {M. Botta and A. Giordana and L. Saitta and M. Sebag},
  title =     {{Relational Learning as Search in a Critical Region}},
  journal =   {Journal of Machine Learning Research},
  volume =    {4},
  year =      {2003},
  pages =     {431--463},
  publisher = {The MIT Press},
  OPTaddress =   {Cambridge, MA, USA},
}

@InCollection{Briat-92,
  author =     {J. Briat and M. Favre and C. Geyer and J. {Chassin de Kergommeaux}},
  title =      {{OPERA: Or-Parallel Prolog System on Supernode}},
  booktitle =  {Implementations of Distributed Prolog},
  pages =      {45--64},
  publisher =  {Wiley \& Sons},
  year =       {1992},
  OPTaddress = {New York, USA},
}

@InProceedings{Brockhausen-96,
  author =    {P. Brockhausen and K. Morik},
  title =     {{Direct Access of an ILP Algorithm to a Database Management System}},
  booktitle = {MLnet Familiarization Workshop on Data Mining with Inductive Logic Programing},
  pages =     {95--100},
  year =      {1996},
}

@InProceedings{Brodie-84,
  author =    {M. Brodie and M. Jarke},
  title =     {{On Integrating Logic Programming and Databases}},
  booktitle = {Expert Database Workshop},
  publisher = {Benjamin Cummings},
  year =      {1984},
  pages =     {191--207},
  OPTmonth =     {October},
  OPTaddress =   {Kiawah Island, South Carolina, USA},
}

@Misc{Brown-05,
  author =	 {Chappell Brown},
  title =	 {{Biotech data's BIG BANG}},
  howpublished = {EE Times Online},
  month =	 {April},
  year =	 {2005},
}
% ----- C -----
@InProceedings{Calderwood-89,
  author =    {A. Calderwood and P. Szeredi},
  title =     {{Scheduling Or-parallelism in Aurora -- the Manchester Scheduler}},
  booktitle = {International Conference on Logic Programming},
  pages =     {419--435},
  year =      {1989},
  OPTaddress =   {Lisbon},
  OPTmonth =     {June},
  publisher = {The MIT Press},
}

@PhdThesis{Camacho-PhD,
  author = {R. Camacho},
  title =  {{Inductive Logic Programming to Induce Controllers}},
  school = {Faculty of Engineering, University of Porto},
  year =   {2000},
}

@InProceedings{Camacho-02,
  author =    {R. Camacho},
  title =     {{Improving the efficiency of ILP systems using an Incremental Language Level Search}},
  booktitle = {Annual Machine Learning Conference of Belgium and the Netherlands},
  year =      {2002},
}

@Phdthesis{Carlsson-PhD,
  author =  {M. Carlsson},
  title =   {{Design and Implementation of an OR-Parallel Prolog Engine}},
  school =  {The Royal Institute of Technology},
  year =    {1990},
  OPTmonth =   {March},
  OPTaddress = {Stockholm, Sweden},
}

@InProceedings{Carlsson-89,
  author    = {M. Carlsson},
  title     = {{On the Efficiency of Optimising Shallow Backtracking in Compiled Prolog}},
  booktitle = {International Conference on Logic Programming},
  pages     = {3--16},
  year      = {1989},
  OPTaddress =   {Lisbon},
  OPTmonth =     {June},
  publisher = {The MIT Press},
}

@InProceedings{Castro-99,
  author =    {L. F. Castro and V. {Santos Costa} and C. Geyer and F. Silva and P. Vargas and M. Correia},
  title =     {{DAOS: Scalable And-0r Parallelism}},
  booktitle = {International Euro-Par Conference, Euro-Par 1999},
  pages =     {899--908},
  number =    {1685},
  series =    {LNCS},
  publisher = {Springer-Verlag},
  year =      {1999},
  OPTmonth =  {September},
}

@InProceedings{Castro-03,
  author =    {L. F. Castro, D. S. Warren},
  title =     {{Approximate Pruning in Tabled Logic Programming}},
  booktitle = {European Symposium on Programming},
  pages =     {69--83},
  year =      {2003},
  number =    {2618},
  series =    {LNCS},
  OPTaddress =   {Warsaw, Poland},
  publisher = {Springer Verlag},
}

@InProceedings{Chan-94,
  author =    {I. W. Chan and C. Y. Lim},
  title =     {{Parallel Implementation of the Trie Structure}},
  booktitle = {International Conference on Parallel and Distributed Systems},
  publisher = {IEEE Computer Society},
  pages =     {538--543},
  year =      {1994},
  OPTeditor =   {Lionel M. Ni},
  OPTaddress =  {Taiwan, Republic of China},
  OPTmonth =    {December},
}

@Article{Chen-93,
  author =  {W. Chen and M. Kifer and D. S. Warren},
  title =   {{Hilog: A Foundation for Higher-Order Logic Programming}},
  journal = {Journal of Logic Programming},
  volume =  {15},
  number =  {3},
  OPTmonth =   {February},
  pages =   {187--230},
  year =    {1993},
}

@Article{Chen-95,
  author =  {W. Chen and T. Swift and D. S. Warren},
  title =   {{Efficient Top-Down Computation of Queries under the Well-Founded Semantics}},
  journal = {Journal of Logic Programming},
  pages =   {161--199},
  year =    {1995},
  volume =  {24},
  number =  {3},
  OPTmonth =   {September},
}

@Article{Chen-96,
  author =  {W. Chen and D. S. Warren},
  title =   {{Tabled Evaluation with Delaying for General Logic Programs}},
  journal = {Journal of the ACM},
  year =    {1996},
  volume =  {43},
  number =  {1},
  pages =   {20--74},
  OPTmonth =   {January},
}

@Article{Ciepielewski-91,
  author =  {A. Ciepielewski},
  title =   {{Scheduling in Or-parallel Prolog Systems: Survey and Open Problems}},
  journal = {International Journal of Parallel Programming},
  year =    {1991},
  volume =  {20},
  number =  {6},
  pages =   {421--451},
  OPTmonth =   {December},
}

@InProceedings{Clark-78,
  author =    {K. Clark},
  title =     {{Negation as Failure}},
  booktitle = {Logic and DataBases},
  pages =     {293--322},
  year =      {1978},
  OPTaddress =   {New York},
  publisher = {Plenum Press},
}

@Book{Clocksin-87,
  author =    {W. Clocksin and C. Mellish},
  title =     {{Programming in Prolog}},
  publisher = {Springer-Verlag},
  year =      {1994},
  edition =   {fourth},
}

@Article{Codd-70,
  author =  {E. F. Codd},
  title =   {{A relational model for large shared data banks}},
  journal = {Communications of the ACM},
  year =    {1970},
  volume =  {13},
  number =  {6},
  OPTmonth =   {June},
  pages =   {377--387},
}

@TechReport{Colmerauer-73,
  author =	{A. Colmerauer and H. Kanoui and R. Pasero and P. Roussel},
  title	=       {{Un système de communication homme--machine en francais}},
  institution = {Groupe Intelligence Artificielle, Université Aix-Marseille II},
  type =        {Technical Report CRI 72-18},
  OPTmonth =       {October},
  year =        {1973},
}

@InProceedings{Correas-04,
  author =    {J. Correas and J.M. Gomez and M. Carro and D. Cabeza and M. V. Hermenegildo},
  title =     {{A Generic Persistence Model for (C)LP Systems (and Two Useful Implementations)}},
  booktitle = {International Symposium on Practical Aspects of Declarative Languages},
  pages =     {104--119},
  year =      {2004},
  OPTeditor =    {Bharat Jayaraman},
  publisher = {Springer-Verlag},
  number =    {3057},
  series =    {LNCS},
  OPTmonth =     {June},
  OPTaddress =   {Dallas, Texas, USA},
}

@PhdThesis{Correia-PhD,
  author = {M. Correia},
  title =  {{On the Implementation of And/Or Parallel Logic Programming Systems}},
  school = {Department of Computer Science, Faculty of Sciences, University of Porto},
  year =   {2001},
  OPTaddress = {Porto, Portugal},
}

@Article{Correia-95,
  author =    {M. Correia and F. Silva and V. {Santos Costa}},
  title =     {{Aurora vs. Muse: A Performance Study of Two Or-Parallel Prolog Systems}},
  year =      {1995},
  journal =   {Computing Systems in Engineering},
  volume =    {6},
  number =    {4/5},
  pages =     {345--349},
  publisher = {Pergamon Press},
}

@InProceedings{Correia-97,
  author =    {M. Correia and F. Silva and V. {Santos Costa}},
  title =     {{The SBA: Exploiting Orthogonality in And-Or Parallel Systems}},
  booktitle = {International Logic Programming Symposium},
  year =      {1997},
  OPTmonth =      {October},
  pages =     {117--131},
  publisher = {The MIT Press},
  OPTaddress =    {Port Jefferson},
}

@InProceedings{CostaJ-08,
  author =    {J. Costa and R. Rocha},
  title =     {{Global Storing Mechanisms for Tabled Evaluation}},
  booktitle = {International Conference on Logic Programming},
  pages =     {708--712},
  number =    {5366},
  series =    {LNCS},
  publisher = {Springer-Verlag},
  OPTeditor =    {M. Garcia de la Banda and E. Pontelli},
  OPTmonth =     {December},
  year =      {2008},
  OPTaddress =   {Udine, Italy},
}

@InProceedings{CostaJ-09,
  author =    {J. Costa and R. Rocha},
  title =     {{One Table Fits All}},
  booktitle = {International Symposium on Practical Aspects of Declarative Languages},
  pages =     {195--208},
  number =    {5418},
  series =    {LNCS},
  publisher = {Springer-Verlag},
  OPTeditor =    {A. Gill and T. Swift},
  OPTmonth =     {January},
  year =      {2009},
  OPTaddress =   {Savannah, Georgia, USA},
}

@InProceedings{CostaP-06,
  author =    {P. Costa and R. Rocha and M. Ferreira},
  title =     {{DBTAB: a Relational Storage Model for the YapTab Tabling System}},
  booktitle = {Colloquium on Implementation of Constraint and LOgic Programming Systems},
  pages =     {95--109},
  OPTeditor =    {E. Pontelli and Hai-Feng Guo},
  OPTmonth =     {August},
  year =      {2006},
  OPTaddress =   {Seattle, Washington, USA},
}

@InProceedings{CostaP-07,
  author =    {P. Costa and R. Rocha and M. Ferreira},
  title =     {{Tabling Logic Programs in a Database}},
  booktitle = {Workshop on (Constraint) Logic Programming},
  pages =     {125--135},
  OPTeditor =    {D. Seipel and M. Hanus and A. Wolf and J. Baumeister},
  OPTmonth =     {October},
  year =      {2007},
  OPTaddress =   {Würzburg, Germany},
}

@InProceedings{CostaP-09,
  author =    {P. Costa and R. Rocha and M. Ferreira},
  title =     {{Relational Models for Tabling Logic Programs in a Database}},
  booktitle = {Workshop on (Constraint) Logic Programming},
  pages =     {99--116},
  number =    {5437},
  series =    {LNAI},
  publisher = {Springer-Verlag},
  OPTeditor =    {D. Seipel and M. Hanus and A. Wolf},
  OPTmonth =     {October},
  year =      {2009},
  OPTaddress =   {Würzburg, Germany},
}

@Inproceedings{CostaVS-91,
  author =    {V. {Santos Costa} and D. H. D. Warren and R. Yang},
  title =     {{Andorra-I: A Parallel Prolog System that Transparently Exploits both And- and Or-Parallelism}},
  booktitle = {ACM SIGPLAN Symposium on Principles and Practice of Parallel Programming},
  publisher = {ACM Press},
  pages =     {83--93},
  OPTmonth =     {April},
  year =      {1991},
  OPTaddress =   {Williamsburg, Virginia, USA},
}

@InProceedings{CostaVS-94,
  author =    {V. {Santos Costa} and M. Correia and F. Silva},
  title =     {{Aurora, Andorra-I and Friends on the Sun}},
  booktitle = {Workshop on Design and Implementation of Parallel Logic Programming Systems},
  OPTaddress =   {Ithaca, New York},
  year =      {1994},
  OPTmonth =     {November},
}

@InProceedings{CostaVS-99a,
  author =    {V. {Santos Costa}},
  title =     {{COWL: Copy-On-Write for Logic Programs}},
  booktitle = {International Parallel Processing Symposium, Held Jointly with the Symposium on Parallel and Distributed Processing},
  publisher = {IEEE Computer Society Press},
  pages =     {720--727},
  OPTmonth =     {May},
  year =      {1999}
}

@InProceedings{CostaVS-99b,
  author =    {V. {Santos Costa}},
  title =     {{Optimising Bytecode Emulation for Prolog}},
  booktitle = {Principles and Practice of Declarative Programming},
  pages =     {261--267},
  OPTmonth =     {September},
  publisher = {Springer-Verlag},
  number =    {1702},
  series =    {LNCS},
  year =      {1999},
  OPTaddress =   {Paris, France},
}

@InProceedings{CostaVS-00,
  author =    {V. {Santos Costa} and R. Rocha and F. Silva},
  title =     {{Novel Models for Or-Parallel Logic Programs: A Performance Analysis}},
  year =      {2000},
  OPTmonth =     {September},
  booktitle = {EuroPar 2000 Parallel Processing},
  pages =     {744--753},
  number =    {1900},
  series =    {LNCS},
  publisher = {Springer-Verlag},
}

@Article{CostaVS-02,
  author =  {V. {Santos Costa} and A. Srinivasan and R. Camacho and H. Blockeel and B. Demoen and G. Janssens and J. Struyf and H. Vandecasteele and W. Van Laer},
  title =   {{Query Transformations for Improving the Efficiency of ILP Systems}},
  journal = {Journal of Machine Learning Research},
  year =    {2002},
  volume =  {4},
  pages =   {465--491},
}

@InProceedings{CostaVS-07,
  author =    {V. {Santos Costa} and K. Sagonas and R. Lopes},
  title =     {{Demand-Driven Indexing of Prolog Clauses}},
  booktitle = {International Conference on Logic Programming},
  pages =     {395--409},
  number =    {4670},
  series =    {LNCS},
  publisher = {Springer-Verlag},
  OPTeditor =    {V. Dahl and I. Niemelä},
  OPTmonth =  {September},
  year =      {2007},
  OPTaddress =   {Porto, Potugal},
}
% ----- D -----
@InProceedings{Damasio-00,
  author =    {C. Damásio},
  title =     {{A distributed tabling system}},
  booktitle = {Conference on Tabulation in Parsing and Deduction},
  pages =     {65--75},
  year =      {2000},
  OPTaddress =   {Vigo, Spain},
}

@inproceedings{Dawnson-95,
 author = {Dawson, S. and Ramakrishnan, C. R. and Ramakrishnan, I. V. and Sagonas, K. and Skiena, S. and Swift, T. and Warren, D. S.},
 title = {Unification factoring for efficient execution of logic programs},
 booktitle = {POPL '95: Proceedings of the 22nd ACM SIGPLAN-SIGACT symposium on Principles of programming languages},
 year = {1995},
 isbn = {0-89791-692-1},
 pages = {247--258},
 location = {San Francisco, California, United States},
 doi = {http://doi.acm.org/10.1145/199448.199509},
 publisher = {ACM},
 address = {New York, NY, USA},
}

@InProceedings{Dawson-96,
  author =    {S. Dawson and C. R. Ramakrishnan and D. S. Warren},
  title =     {{Practical Program Analysis Using General Purpose Logic Programming Systems -- A Case Study}},
  booktitle = {ACM SIGPLAN Conference on Programming Language Design and Implementation},
  year =      {1996},
  pages =     {117--126},
  OPTaddress =   {Philadelphia, Pennsylvania, USA},
  publisher = {ACM Press},
}

@InProceedings{Demoen-98,
  author =    {B. Demoen and K. Sagonas},
  title =     {{CAT: the Copying Approach to Tabling}},
  booktitle = {International Symposium on Programming Language Implementation and Logic Programming},
  publisher = {Springer-Verlag},
  OPTmonth =     {September},
  year =      {1998},
  number =    {1490},
  series =    {LNCS},
  pages =     {21--35},
  OPTaddress =   {Pisa, Italy},
}

@Article{Demoen-99a,
  author =  {B. Demoen and K. Sagonas},
  title =   {{CAT: The Copying Approach to Tabling}},
  journal = {Journal of Functional and Logic Programming},
  year =    {1999},
  volume =  {1999},
  number =  {Special Issue 2},
}

@InProceedings{Demoen-99b,
  author =    {B. Demoen and K. Sagonas},
  title =     {{CHAT: The Copy-Hybrid Approach to Tabling}},
  booktitle = {International Workshop on Practical Aspects of Declarative Languages},
  publisher = {Springer-Verlag},
  series =    {LNCS},
  number =    {1551},
  pages =     {106--121},
  year =      {1999},
  OPTmonth =     {January},
  OPTaddress =   {San Antonio, Texas, USA},
}

@Article{Demoen-00,
  author =  {B. Demoen and K. Sagonas},
  title =   {{CHAT: The Copy-Hybrid Approach to Tabling}},
  journal = {Future Generation Computer Systems},
  year =    {2000},
  volume =  {16},
  number =  {7},
  pages =   {809--830},
}

@PhdThesis{Dietrich-87,
  author = {S. Dietrich},
  title =  {{Extension Tables for Recursive Query Evaluation}},
  school = {Department of Computer Science, State University of New York},
  year =   {1987},
  OPTaddress = {Stony Brook, USA},
}

@InProceedings{DiMaio-04,
  author =    {F. DiMaio and Jude W. Shavlik},
  title =     {{Learning an Approximation to Inductive Logic Programming Clause Evaluation}},
  booktitle = {International Conference on Inductive Logic Programming},
  year =      {2004},
  pages =     {80--97},
  series =    {LNAI},
  publisher = {Springer-Verlag},
}

@Phdthesis{Draxler-PhD,
  author = {C. Draxler},
  title =  {{Accessing Relational and Higher Databases Through Database Set Predicates}},
  school = {Zurich University},
  year =   {1991},
}

@InProceedings{Draxler-92,
  author =    {C. Draxler},
  title =     {{Accessing Relational and NF{\raisebox{1ex}{2}} Databases Through Database Set Predicates}},
  pages =     {156--173},
  OPTeditor =    {Geraint A. Wiggins and Chris Mellish and Tim Duncan},
  booktitle = {UK Annual Conference on Logic Programming},
  series =    {Workshops in Computing},
  publisher = {Springer Verlag},
  year =      {1992},
  OPTmonth =     {April},
  OPTaddress =   {London, UK},
}
% ----- E -----
@TechReport{Ertel-91,
  author =	{W. Ertel},
  title	=       {{Performance Analysis of Competitive Or-Parallel Theorem Proving}},
  institution = {Technische Universität München},
  type =        {Technical Report FKI-162-91},
  OPTmonth =       {November},
  year =        {1991},
}
% ----- F -----
@Article{Fan-92,
  author =  {C. Fan and S. Dietrich},
  title =   {{Extension Table Built-Ins for Prolog}},
  journal = {Software Practice and Experience},
  year =    {1992},
  volume =  {22},
  number =  {7},
  pages =   {573--597},
  OPTmonth =   {July},
}

@InProceedings{Ferreira-04a,
  author =    {M. Ferreira and R. Rocha and S. Silva},
  title =     {{Comparing Alternative Approaches for Coupling Logic Programming with Relational Databases}},
  booktitle = {Colloquium on Implementation of Constraint and LOgic Programming Systems},
  pages =     {71--82},
  OPTmonth =     {September},
  year =      {2004},
  OPTaddress =   {Saint-Malo, France},
}

@InProceedings{Ferreira-04b,
  author =    {M. Ferreira and R. Rocha},
  title =     {{The MyYapDB Deductive Database System}},
  booktitle = {European Conference on Logics in Artificial Intelligence},
  pages =     {710--713},
  number =    {3229},
  series =    {LNAI},
  publisher = {Springer-Verlag},
  OPTeditor =    {José Júlio Alferes and João Leite},
  OPTmonth =     {September},
  year =      {2004},
  OPTaddress =   {Lisbon, Portugal},
}

@InProceedings{Ferreira-05,
  author =    {M. Ferreira and R. Rocha},
  title =     {{Coupling OPTYap with a Database System}},
  booktitle = {IADIS International Conference Applied Computing},
  pages =     {107--114},
  volume =    {II},
  publisher = {IADIS Press},
  OPTeditor =    {Nuno Guimarães and Pedro Isaías},
  OPTmonth =     {February},
  year =      {2005},
  OPTaddress =   {Algarve, Portugal},
}

@TechReport{Fonseca-03a,
  author = 	{N. Fonseca and R. Camacho and F. Silva and V. {Santos Costa}},
  title = 	{{Induction with April: A Preliminary Report}},
  institution = {Department of Computer Science, University of Porto},
  year = 	{2003},
  number =	{DCC-2003-02},
}

@InProceedings{Fonseca-03b,
  author =    {N. Fonseca and R. Rocha and R. Camacho and F. Silva},
  title =     {{Efficient Data Structures for Inductive Logic Programming}},
  booktitle = {International Conference on Inductive Logic Programming},
  pages =     {130--145},
  year =      {2003},
  OPTeditor = 	 {Tamás Horváth and Akihiro Yamamoto},
  number =    {2835},
  series =    {LNAI},
  OPTaddress = 	 {Szeged, Hungary},
  OPTmonth = 	 {September/October},
  publisher = {Springer-Verlag},
}

@InProceedings{Fonseca-05,
  author =    {N. A. Fonseca and F. Silva and R. Camacho},
  title =     {{Strategies to Parallelize ILP Systems}},
  booktitle = {International Conference on Inductive Logic Programming},
  pages =     {136--153},
  year =      {2005},
  OPTeditor =    {Stefan Kramer and Bernhard Pfahringer},
  number =    {3625},
  series =    {LNAI},
  OPTaddress =   {Bonn, Germany},
  OPTmonth =     {August},
  publisher = {Springer-Verlag},
}

@InProceedings{Fonseca-06,
  author =    {N. A. Fonseca and F. Silva and R. Camacho},
  title =     {{April - An Inductive Logic Programming System}},
  booktitle = {European Conference on Logics in Artificial Intelligence},
  pages =     {481--484},
  year =      {2006},
  number =    {4160},
  series =    {LNAI},
  OPTaddress = 	 {Liverpool, UK},
  OPTmonth =     {September},
  publisher = {Springer-Verlag},
}

@Article{Fonseca-08,
  author =    {N. A. Fonseca and R. Camacho and R. Rocha and V. Santos Costa},
  title =     {{Compile the hypothesis space: do it once, use it often}},
  journal =   {Fundamenta Informaticae},
  pages =     {45--67},
  volume =    {89},
  number =    {1},
  year =      {2008},
}

@Article{Fredkin-62,
  author =  {E. Fredkin},
  title =   {{Trie Memory}},
  journal = {Communications of the ACM},
  year =    {1962},
  volume =  {3},
  pages =   {490--499},
}

@PhdThesis{Freire-PhD,
  author =  {J. Freire},
  title =   {{Scheduling Strategies for Evaluation of Recursive Queries over Memory and Disk-Resident Data}},
  school =  {Department of Computer Science, State University of New York},
  OPTmonth =   {August},
  year =    {1997},
  OPTaddress = {Stony Brook, USA},
}

@InProceedings{Freire-95,
  author =    {J. Freire and R. Hu and T. Swift and D. S. Warren},
  title =     {{Exploiting Parallelism in Tabled Evaluations}},
  booktitle = {International Symposium on Programming Languages: Implementations, Logics and Programs},
  publisher = {Springer-Verlag},
  number =    {982},
  series =    {LNCS},
  pages =     {115--132},
  year =      {1995},
  OPTmonth =     {September},
  OPTaddress =   {Utrecht, The Netherlands},
}

@InProceedings{Freire-96,
  author =    {J. Freire and T. Swift and D. S. Warren},
  title =     {{Beyond Depth-First: Improving Tabled Logic Programs through Alternative Scheduling Strategies}},
  booktitle = {International Symposium on Programming Language Implementation and Logic Programming},
  publisher = {Springer-Verlag},
  number =    {1140},
  series =    {LNCS},
  pages =     {243--258},
  OPTmonth =     {September},
  year =      {1996},
  OPTaddress =   {Aachen, Germany},
}

@InProceedings{Freire-97a,
  author =    {J. Freire and T. Swift and D. S. Warren},
  title =     {{Taking I/O seriously: Resolution reconsidered for disk}},
  booktitle = {International Conference on Logic Programming},
  publisher = {The MIT Press},
  pages =     {198--212},
  OPTmonth =     {June},
  year =      {1997},
  OPTaddress =   {Leuven, Belgium},
}

@InProceedings{Freire-97b,
  author =    {J. Freire and D. S. Warren},
  title =     {{Combining Scheduling Strategies in Tabled Evaluation}},
  booktitle = {Workshop on Parallelism and Implementation Technology for Logic Programming},
  OPTmonth =     {October},
  year =      {1997},
  OPTaddress =   {Port Jefferson},
}

@InProceedings{Freire-98,
  author =    {J. Freire},
  title =     {{Practical Problems in Coupling Deductive Engines with Relational Databases}},
  booktitle = {International Workshop on Knowledge Representation meets Databases},
  year =      {1998},
  OPTmonth =     {May},
  OPTaddress =   {Seattle, Washington, USA},
}
% ----- G -----
@Book{Gallaire-78,
  editor =    {H. Gallaire and J. Minker},
  title =     {{Logic and Databases}},
  publisher = {Plenum},
  year =      {1978},
  OPTaddress =   {New York},
}

@Article{Gelder-91,
  author =  {A. Van Gelder and K. Ross and J. Schlipf},
  title =   {{The Well-Founded Semantics for General Logic Programs}},
  journal = {Journal of the ACM},
  year =    {1991},
  volume =  {38},
  number =  {3},
  pages =   {620--650},
  OPTmonth =   {July},
}

@Article{Gonzalez-05,
  author =  {A. González},
  title =   {{Speculative Threading: Creating New Methods of Thread-Level Parallelization}},
  journal = {Technology@Intel Magazine},
  OPTmonth = {December},
  year =    {2005},
}

@TechReport{Goto-74,
  author = 	 {E. Goto},
  title = 	 {{Monocopy and Associative Algorithms in Extended Lisp}},
  institution =  {University of Tokyo},
  year = 	 {1974},
  number = 	 {TR 74-03},
  OPTmonth = 	 {May},
}

@Book{Graf-96,
  author =    {P. Graf},
  title =     {{Term Indexing}},
  publisher = {Springer-Verlag},
  year =      {1996},
  number =    {1053},
  series =    {LNAI},
}

@InProceedings{Guo-00a,
  author =    {Hai-Feng Guo and G. Gupta},
  title =     {{A New Tabling Scheme with Dynamic Reordering of Alternatives}},
  booktitle = {Workshop on Parallelism and Implementation Technology for (Constraint) Logic Languages},
  year =      {2000},
  OPTmonth =  {July},
  OPTaddress =   {London, UK},
}

@InProceedings{Guo-00b,
  author =    {Hai-Feng Guo and G. Gupta},
  title =     {{A Simple Scheme for Implementing Tabling based on Dynamic Reordering of Alternatives}},
  booktitle = {Conference on Tabulation in Parsing and Deduction},
  pages =     {141--154},
  year =      {2000},
  OPTaddress =   {Vigo, Spain},
}

@InProceedings{Guo-01,
  author =    {Hai-Feng Guo and G. Gupta},
  title =     {{A Simple Scheme for Implementing Tabled Logic Programming Systems Based on Dynamic Reordering of Alternatives}},
  booktitle = {International Conference on Logic Programming},
  pages =     {181--196},
  year =      {2001},
  number =    {2237},
  series =    {LNCS},
  publisher = {Springer-Verlag},
  OPTaddress =   {Paphos, Cyprus},
}

@InProceedings{Guo-02,
  author =    {Hai-Feng Guo and G. Gupta},
  title =     {{Cuts in Tabled Logic Programming}},
  booktitle = {Colloquium on Implementation of Constraint and LOgic Programming Systems},
  year =      {2002},
  OPTaddress =   {Copenhagen, Denmark},
}

@Phdthesis{Gupta-PhD,
  author = {G. Gupta},
  title =  {{Parallel Execution of Logic Programs on Multiprocessor Architectures}},
  school = {Department of Computer Science, University of North Carolina},
  OPTmonth =  {December},
  year =   {1991},
}

@Article{Gupta-93,
  author =  {G. Gupta and B. Jayaraman},
  title =   {{Analysis of Or-parallel Execution Models}},
  journal = {ACM Transactions on Programming Languages},
  volume =  {15},
  number =  {4},
  pages =   {659--680},
  year =    {1993},
  OPTmonth =   {September},
}

@InProceedings{Gupta-94,
  author =    {G. Gupta and E. Pontelli and M. V. Hermenegildo and V. {Santos Costa}},
  title =     {{ACE: And/Or-parallel Copying-based Execution of Logic Programs}},
  year =      {1994},
  booktitle = {International Conference on Logic Programming},
  publisher = {The MIT Press},
  pages =     {93--109},
}

@Article{Gupta-96,
  author =  {G. Gupta and V. {Santos Costa}},
  title =   {{Cuts and Side-Effects in And-Or Parallel Prolog}},
  year =    {1996},
  journal = {Journal of Logic Programming},
  pages =   {45--71},
  volume =  {27},
  number =  {1},
}

@Techreport{Gupta-97,
  author =      {G. Gupta and K. Ali and M. Carlsson and M. V. Hermenegildo},
  title =       {{Parallel Execution of Prolog Programs: A Survey}},
  institution = {Laboratory for Logic, Databases and Advanced Programming, New Mexico State University},
  year =        {1997},
  type =        {Research Report},
  OPTaddress = 	{New Mexico, USA},
}

@InProceedings{Gupta-99,
  author =    {G. Gupta and E. Pontelli},
  title =     {{Stack Splitting: A Simple Technique for Implementing Or-parallelism on Distributed Machines}},
  booktitle = {International Conference on Logic Programming},
  pages =     {290--304},
  year =      {1999},
  publisher = {The MIT Press},
}

@Article{Gupta-01,
  author =  {G. Gupta and E. Pontelli and K. Ali and M. Carlsson and M. V. Hermenegildo},
  title =   {{Parallel Execution of Prolog Programs: A Survey}},
  journal = {ACM Transactions on Programming Languages and Systems},
  year =    {2001},
  volume =  {23},
  number =  {4},
  pages =   {472--602},
  OPTmonth =  {July},
}

@InProceedings{Guzman-08,
  author =    {P. C. de Guzmán and M. Carro and M. V. Hermenegildo and C. Silva and R. Rocha},
  title =     {{An Improved Continuation Call-Based Implementation of Tabling}},
  booktitle = {International Symposium on Practical Aspects of Declarative Languages},
  pages =     {197--213},
  number =    {4902},
  series =    {LNCS},
  publisher = {Springer-Verlag},
  OPTeditor =    {P. Hudak and D. S. Warren},
  OPTmonth =     {January},
  year =      {2008},
  OPTaddress =   {San Francisco, California, USA},
}

@InProceedings{Guzman-09a,
  author =    {P. C. de Guzmán and M. Carro and M. V. Hermenegildo},
  title =     {{Towards a Complete Scheme for Tabled Execution Based on Program Transformation}},
  booktitle = {International Symposium on Practical Aspects of Declarative Languages},
  pages =     {224--238},
  number =    {5418},
  series =    {LNCS},
  publisher = {Springer-Verlag},
  OPTeditor =    {A. Gill and T. Swift},
  OPTmonth =     {January},
  year =      {2009},
  OPTaddress =   {Savannah, Georgia, USA},
}

@InProceedings{Guzman-09b,
  author =    {P. C. de Guzmán and M. Carro and M. Hermenegildo},
  title =     {{A Tabling Implementation Based on Variables with Multiple Bindings}},
  booktitle = {International Conference on Logic Programming},
  pages =     {190-204},
  number =    {5649},
  series =    {LNCS},
  publisher = {Springer-Verlag},
  OPTeditor =    {P. Hill and D. S. Warren},
  OPTmonth =     {July},
  year =      {2009},
  OPTaddress =   {Pasadena, California, USA},
}
% ----- H -----
@Article{Hansen-69,
  author =    {W. J. Hansen},
  title =     {{Compact List Representation: Definition, Garbage Collection, and System Implementation}},
  journal =   {Communications of the ACM},
  volume =    {12},
  number =    {9},
  year =      {1969},
  pages =     {499--507},
  publisher = {ACM Press},
}

@Phdthesis{Hausman-PhD,
  author = {B. Hausman},
  title =  {{Pruning and Speculative Work in OR-Parallel PROLOG}},
  school = {The Royal Institute of Technology},
  year =   {1990},
  OPTmonth =   {March},
  OPTaddress = {Stockholm, Sweden},
}

@InProceedings{Hausman-89,
  author =    {B. Hausman},
  title =     {{Pruning and Scheduling Speculative Work in Or-Parallel Prolog}},
  booktitle = {Conference on Parallel Architectures and Languages Europe},
  publisher = {Springer-Verlag},
  number =    {365},
  series =    {LNCS},
  pages =     {133--150},
  OPTmonth =     {June},
  year =      {1989},
  OPTaddress =   {Eindhoven, The Netherlands},
}

@PhdThesis{Hermenegildo-Phd,
  author = {M. V. Hermenegildo},
  title =  {{An Abstract Machine Based Execution Model for Computer Architecture Design and Efficient Implementation of Logic Programs in Parallel}},
  school = {University of Texas},
  year =   {1986},
  OPTaddress = {Austin, Texas, USA},
}

@Article{Hermenegildo-91,
  author =    {M. V. Hermenegildo and K. Greene},
  title =     {{The \&-Prolog System: Exploiting Independent And-Parallelism}}, 
  journal =   {New Generation Computing},
  publisher = {Ohmsha and Springer-Verlag},
  year =      {1991},
  volume =    {9},
  number =    {3,4},
  pages =     {233--257},
}

@PhdThesis{Hu-PhD,
  author =  {R. Hu},
  title =   {{Efficient Tabled Evaluation of Normal Logic Programs in a Distributed Environment}},
  school =  {Department of Computer Science, State University of New York},
  OPTmonth =   {December},
  year =    {1997},
  OPTaddress = {Stony Brook, USA},
}
% ----- I -----
% ----- J -----
@InProceedings{Jarke-84,
  author =    {M. Jarke and J. Clifford and Y. Vassiliou},
  title =     {{An Optimizing Prolog Front-End to a Relational Query System}},
  booktitle = {ACM SIGMOD International Conference on the Management of Data},
  year =      {1984},
  pages =     {296--306},
  publisher = {ACM Press},
  OPTmonth =     {June},
  OPTaddress =   {Boston, Maryland, USA},
}

@Article{Johnson-95,
  author =    {M. Johnson},
  title =     {Memoization in Top-Down Parsing},
  journal =   {Computational Linguistics},
  volume =    {21},
  number =    {3},
  year =      {1995},
  pages =     {405--417},
  publisher = {MIT Press},
}

@InProceedings{Johnson-99,
  author =    {E. Johnson and C. R. Ramakrishnan and I. V. Ramakrishnan and P. Rao},
  title =     {{A Space Efficient Engine for Subsumption-Based Tabled Evaluation of Logic Programs}},
  booktitle = {Fuji International Symposium on Functional and Logic Programming},
  pages =     {284--300},
  year =      {1999},
  number =    {1722},
  series =    {LNCS},
  publisher = {Springer-Verlag},
  OPTaddress =   {Tsukuba, Japan},
}
% ----- K -----
@Phdthesis{Karlsson-PhD,
  author = {R. Karlsson},
  title =  {{A High Performance OR-parallel Prolog System}},
  school = {The Royal Institute of Technology},
  year =   {1992},
  OPTmonth =   {March},
  OPTaddress = {Stockholm, Sweden},
}

@Techreport{Karlsson-92,
  author =      {R. Karlsson},
  title =       {{How to Build Your Own OR-Parallel Prolog System}},
  institution = {Swedish Institute of Computer Science},
  year =        {1992},
  OPTmonth =       {March},
  type =        {{SICS Research Report R92:03}},
}

@InProceedings{Kimmig-08,
  author =    {A. Kimmig and V. Santos Costa and R. Rocha and B. Demoen and L. De Raedt},
  title =     {{On the Efficient Execution of ProbLog Programs}},
  booktitle = {International Conference on Logic Programming},
  pages =     {175--189},
  number =    {5366},
  series =    {LNCS},
  publisher = {Springer-Verlag},
  OPTeditor =    {M. Garcia de la Banda and E. Pontelli},
  OPTmonth =     {December},
  year =      {2008},
  OPTaddress =   {Udine, Italy},
}

@InProceedings{Kowalski-74,
  author =    {R. Kowalski},
  title	=     {{Predicate Logic as a Programming Language}},
  booktitle = {Information Processing},
  pages =     {569--574},
  year =      {1974},
  publisher = {North-Holland},
}

@Book{Kowalski-79,
  author =    {R. Kowalski},
  title =     {{Logic for Problem Solving}},
  year =      {1979},
  publisher = {North-Holland},
  series =    {Artificial Intelligence Series},
}

@Article{Kozen-83,
  author =  {D. Kozen},
  title =   {{Results on the propositional $\mu$-calculus}},
  journal = {Theoretical Computer Science},
  year =    {1983},
  volume =  {27},
  pages =   {333--354},
}
% ----- L -----
@PhDThesis{Laag-PhD,
  author =  {P. R. J. van der Laag},
  title =   {{An Analysis of Refinement Operators in Inductive Logic Programming}},
  school =  {Erasmus Universiteit},
  year =    {1995},
  address = {Rotterdam, Netherlands},
}

@Book{Lloyd-87,
  author =    {J. W. Lloyd},
  title =     {{Foundations of Logic Programming}},
  publisher = {Springer-Verlag},
  year =      {1987},
}

@InProceedings{Lopes-01,
  author =    {R. Lopes and V. {Santos Costa} and F. Silva},
  title =     {{A Novel Implementation of the Extended Andorra Model}},
  booktitle = {International Symposium on Practical Aspects of Declarative Languages},
  pages =     {199--213},
  number =    {1990},
  series =    {LNCS},
  publisher = {Springer-Verlag},
  year =      {2001},
}
% ----- M -----
@InProceedings{Maier-2002,
  author =    {F. Maier and D. Nute and W. Potter and J. Wang and M. J. Twery and H. M. Rauscher and P. Knopp and S. Thomasma and M. Dass and H. Uchiyama},
  title =     {{PROLOG/RDBMS Integration in the NED Intelligent Information System}},
  booktitle = {Confederated International Conferences DOA, CoopIS and ODBASE},
  year =      {2002},
  pages =     {528},
  OPTeditor =    {Robert Meersman and Zahir Tari},
  publisher = {Springer-Verlag},
  series =    {LNCS},
  number =    {2519},
  OPTmonth =     {October-November},
  OPTaddress =   {Irvine, California, USA},
}

@InProceedings{Marques-00,
  author =    {R. Marques and T. Swift and J. Cunha},
  title =     {{An Architecture for a Multi-threaded Tabling Engine}},
  booktitle = {Conference on Tabulation in Parsing and Deduction},
  pages =     {141--154},
  OPTmonth =     {September},
  year =      {2000},
  OPTaddress =   {Vigo, Spain},
}

@Phdthesis{Marques-PhD,
  author = {R. Marques},
  title =  {{Concurrent Tabling: Algorithms and Implementation}},
  school = {Department of Computer Science, New University of Lisbon},
  OPTmonth =   {November},
  year =    {2007},
  OPTaddress = {Lisbon, Portugal},
}

@Article{Mattern-87,
  author =  {F. Mattern},
  title =   {{Algorithms for Distributed Termination Detection}},
  journal = {Distributed Computing},
  year =    {1987},
  volume =  {2},
  number =  {3},
  pages =   {161--175},
}

@Article{Mattern-89,
  author =  {F. Mattern},
  title =   {{Global Quiescence Detection based on Credit Distribution and Recovery}},
  journal = {Information Processing Letters},
  year =    {1989},
  volume =  {30},
  number =  {4},
  pages =   {195--200},
}

@Article{McCune-92,
  author =  {W. W. McCune},
  title =   {{Experiments with Discrimination - Tree Indexing and Path Indexing for Term Retrieval}},
  journal = {Journal of Automated Reasoning},
  year =    {1992},
  volume =  {9},
  number =  {2},
  pages =   {147--167},
}

@InProceedings{McCreath-95,
  author =    {E. McCreath and A. Sharma},
  title =     {{Extraction of meta-knowledge to restrict the hypothesis space for ILP systems}},
  booktitle = {Australian Joint Conference on Artificial Intelligence},
  pages =     {75--82},
  year =      {1995},
  OPTeditor =    {X. Yao},
  OPTmonth =     {November},
  publisher = {World Scientific},
}

@TechReport{Michalski-78,
  author =	{R. S. Michalski and J. B. Larson},
  title =	{{Selection of Most Representative Training Examples and Incremental Generation of VL918 Hypotheses: The Underlying Mehtodology and the Description of Programs ESEL and AQ11}},
  institution = {Department of Computer Science, University of Illinois at Urbana-Champaign},
  OPTaddress =	{Urbana, Illinois},
  year = 	{1978},
  number =	{867},
  pages =	{55},
}

@Article{Michie-68,
  author =  {D. Michie},
  title =   {{Memo Functions and Machine Learning}},
  journal = {Nature},
  year =    {1968},
  OPTmonth =   {April},
  volume =  {218},
  pages =   {19--22},	
}

@Book{Milner-89,
  author =    {R. Milner},
  title =     {{Communication and Concurrency}},
  publisher = {Prentice Hall},
  series =    {International Series in Computer Science},
  year =      {1989},
}

@Book{Minker-87,
  title =     {{Foundations of Deductive Databases and Logic Programming}},
  editor =    {Jack Minker},
  publisher = {Morgan-Kaufmann},
  year =      {1987},
  OPTmonth =  {September},
}

@InProceedings{Morik-97,
  author =    {K. Morik},
  title =     {{Knowledge Discovery in Databases - an Inductive Logic Programming Approach}},
  booktitle = {Foundations of Computer Science: Potential - Theory - Cognition},
  pages =     {429--436},
  year =      {1997},
  publisher = {Springer-Verlag},
  OPTaddress =   {London, UK},
}

@PhdThesis{Moura-PhD,
  author =  {P. Moura},
  title =   {{Logtalk -- Design of an Object-Oriented Logic Programming Language}},
  school =  {Department of Computer Science, University of Beira Interior},
  OPTmonth = {September},
  year =    {2003},
  OPTaddress = {Portugal},
}

@InProceedings{Moura-08a,
  author =    {P.Moura and P. Crocker and P. Nunes},
  title =     {{High-Level Multi-threading programming in Logtalk}},
  booktitle = {International Symposium on Practical Aspects of Declarative Languages},
  pages =     {265--281},
  number =    {4902},
  series =    {LNCS},
  publisher = {Springer-Verlag},
  OPTeditor =    {P. Hudak and D. S. Warren},
  OPTmonth =     {January},
  year =      {2008},
  OPTaddress =   {San Francisco, California, USA},
}
 
@Misc{Moura-08b,
  author = {P. Moura},
  title =  {{ISO/IEC DTR 13211--5:2007 Prolog Multi-threading Predicates}},
  year =   {2008},
  note =   {Available from \verb+http://logtalk.org/plstd/threads.pdf+},
}

@InProceedings{Muggleton-90,
  author =    {S. Muggleton},
  title =     {{Inductive Logic Programming}},
  booktitle = {Conference on Algorithmic Learning Theory},
  pages =     {43--62},
  publisher = {Ohmsma},
  OPTmonth =     {October},
  year =      {1990},
  OPTaddress =   {Tokyo, Japan},
}

@Article{Muggleton-94,
  author =  {S. Muggleton and L. De Raedt},
  title =   {{Inductive Logic Programming: Theory and Methods}},
  journal = {Journal of Logic Programming},
  volume =  {19/20},
  pages =   {629-679},
  year =    {1994},
}

@Article{Muggleton-95,
  author =  {S. Muggleton},
  title =   {{Inverse Entailment and Progol}},
  journal = {New Generation Computing, Special Issue on Inductive Logic Programming},
  year =    {1995},
  volume =  {13},
  pages =   {245--286},
}

@InCollection{Muggleton-01,
  author =    {S. Muggleton and J. Firth},
  title =     {{Relational Rule Induction with CProgol4.4: A Tutorial Introduction}},
  booktitle = {Relational Data Mining},
  OPTeditor =    {Saso Dzeroski and Nada Lavrac},
  publisher = {Springer-Verlag},
  pages =     {160--188},
  OPTmonth =     {September},
  year =      {2001},
}
% ----- N -----
@InCollection{Nedellec-96,
  author =    {C. Nédellec and C. Rouveirol and H. Adé and F. Bergadano and B. Tausend},
  title =     {{Declarative Bias in ILP}},
  booktitle = {Advances in Inductive Logic Programming},
  pages =     {82--103},
  publisher = {IOS Press},
  year =      {1996},
  editor =    {L. De Raedt},
}
% ----- O -----
@InProceedings{Ohlbach-90,
  author =    {H. J. Ohlbach},
  title =     {{Abstraction Tree Indexing for Terms}},
  booktitle = {European Conference on Artificial Intelligence},
  pages =     {479--484},
  year =      {1990},
  OPTaddress =	 {Stockholm, Sweden},
  publisher = {Pitman Publishing}
}
% ----- P -----
@Article{Parsaye-83,
  author =    {K. Parsaye},
  title =     {{Logic Programming and Relational Databases}},
  journal =   {IEEE Database Engineering Bulletin},
  volume =    {6},
  number =    {4},
  year =      {1983},
  pages     = {20--29},
  OPTmonth =     {December},
}

@Article{Pfaff-03,
  author =    {T. J. Pfaff and M. M. Tran},
  title =     {{The Generalized Jug Problem}},
  journal =   {Journal of Recreational Mathematics},
  year =      {2003},
  volume =    {31},
  number =    {2},
  pages =     {100--103},
  publisher = {Baywood},
  OPTaddress =   {USA},
}

@PhdThesis{Pientka-PhD,
  author =  {B. Pientka},
  title =   {{Tabled Higher-order Logic Programming}},
  school =  {Computer Science Department, Carnegie Mellon University},
  year =    {2003},
  OPTaddress = {Pittsburgh, Pennsylvania, USA},
  OPTmonth =   {December},
}

@InProceedings{Pontelli-95,
  author =    {E. Pontelli and G. Gupta and M. V. Hermenegildo},
  title =     {{A High-Performance Parallel Prolog System}},
  booktitle = {International Parallel Processing Symposium},
  publisher = {IEEE Computer Society Press},
  pages =     {564--571},
  OPTmonth =  {April},
  year =      {1995},
}

@Article{Pontelli-96,
  author =  {E. Pontelli and G. Gupta and D. Tang and M. Carro and M. V. Hermenegildo},
  title =   {{Improving the Efficiency of Nondeterministic Independent And-Parallel Systems}},
  journal = {Journal of Computer Languages},
  volume=   {22},
  number =  {2/3},
  pages =   {115--142},
  year =    {1996},
}

@InProceedings{Pontelli-97,
  author =    {E. Pontelli and G. Gupta},
  title =     {{Implementation Mechanisms for Dependent And-Parallelism}},
  booktitle = {International Conference on Logic Programming},
  publisher = {The MIT Press},
  pages =     {123--137},
  year =      {1997},
  OPTmonth =     {June},
  OPTaddress =   {Leuven, Belgium},
}
% ----- Q -----
@InProceedings{Quinlan-93,
  author =    {J. R. Quinlan and R. M. Cameron-Jones},
  title =     {{FOIL: A Midterm Report}},
  booktitle = {European Conference on Machine Learning},
  number =    {667},
  publisher = {Springer-Verlag},
  OPTeditor =    {P. Brazdil},
  pages =     {3--20},
  year =      {1993},
}
% ----- R -----
@InProceedings{Raedt-95,
  author =    {L. De Raedt and W. V. Laer},
  title =     {{Inductive Constraint Logic}},
  booktitle = {International Conference on Algorithmic Learning Theory},
  publisher = {Springer-Verlag},
  pages =     {80--94},
  year =      {1995},
  OPTaddress =   {London, UK},
}

@Article{Raedt-97,
  author =  {L. De Raedt and L. Dehaspe},
  title =   {{Clausal Discovery}},
  journal = {Machine Learning},
  year =    {1997},
  volume =  {26},
  pages =   {99--146},
}

@InProceedings{Raedt-98,
  author =    {L. De Raedt},
  title =     {{Attribute Value Learning versus Inductive Logic Programming: The Missing Links}},
  booktitle = {Inductive Logic Programming},
  series =    {LNAI},
  number =    {1446},
  OPTeditor =    {D. Page},
  publisher = {Springer-Verlag},
  pages =     {1--8},
  year =      {1998},
}

@Article{Ramakrishnan-91,
  author =  {R. Ramakrishnan},
  title =   {{Magic Templates: A Spellbinding Approach To Logic Programs}},
  journal = {Journal of Logic Programming},
  year =    {1991},
  volume =  {11},
  number =  {3 \& 4},
  pages =   {189--216},
}

@InProceedings{Ramakrishnan-92,
  author =    {R. Ramakrishnan and D. Srivastava and S. Sudarshan},
  title =     {{CORAL: A Deductive Database Programming Language}},
  booktitle = {International Conference on Very Large Data Bases},             
  year =      {1992},
  OPTmonth =     {August},
  OPTaddress =   {Vancouver, Canada},
  publisher = {Morgan Kaufmann},
}

@Article{Ramakrishnan-95,
  author =  {R. Ramakrishnan and J. D. Ullman},
  title =   {{A Survey of Research on Deductive Database Systems}},
  journal = {Journal of Logic Programming},
  volume =  {23},
  number =  {2},
  pages =   {125--149},
  year =    {1995},
}

@InProceedings{RamakrishnanCR-00,
  author =    {C. R. Ramakrishnan and I. V. Ramakrishnan and S. Smolka and Y. Dong and X. Du and A. Roychoudhury and V. Venkatakrishnan},
  title =     {{XMC: A Logic-Programming-Based Verification Toolset}},
  booktitle = {International Conference on Computer Aided Verification},
  pages =     {576--580},
  year =      {2000},
  number =    {1855},
  series =    {LNCS},
  OPTaddress =   {Chicago, Illinois, USA},
  publisher = {Springer-Verlag},
}

@InProceedings{RamakrishnanIV-95,
  author =    {I. V. Ramakrishnan and P. Rao and K. Sagonas and T. Swift and D. S. Warren},
  title =     {{Efficient Tabling Mechanisms for Logic Programs}},
  booktitle = {International Conference on Logic Programming},
  OPTaddress =   {Tokyo, Japan},
  publisher = {The MIT Press},
  pages =     {687--711},
  OPTmonth =     {June},
  year =      {1995},
}

@Article{RamakrishnanIV-99,
  author =  {I. V. Ramakrishnan and P. Rao and K. Sagonas and T. Swift and D. S. Warren},
  title =   {{Efficient Access Mechanisms for Tabled Logic Programs}},
  journal = {Journal of Logic Programming},
  pages =   {31--54},
  volume =  {38},
  number =  {1},
  OPTmonth =   {January},
  year =    {1999},
}

@Article{Ramesh-97,
  author =    {R. Ramesh and W. Chen},
  title  =    {{Implementation of Tabled Evaluation with Delaying in Prolog}},
  year =      {1997},
  journal =   {IEEE Transactions on Knowledge and Data Engineering},
  volume =    {9},
  number =    {4},
  pages =     {559--574},
  OPTmonth =     {July/August},
  publisher = {IEEE Computer Society Press},
}

@Article{Ranjan-99,
  author =  {D. Ranjan and E. Pontelli and G. Gupta},
  title =   {{The Complexity of Or-Parallelism}},
  journal = {New Generation Computing},
  year =    {1999},
  volume =  {17},
  number =  {3},
  pages =   {285--306},
}

@InProceedings{Rao-96,
  author =    {P. Rao and C. R. Ramakrishnan and I. V. Ramakrishnan},
  title =     {{A Thread in Time Saves Tabling Time}},
  booktitle = {Joint International Conference and
	       Symposium on Logic Programming},
  pages =     {112--126},
  year =      {1996},
  OPTaddress =   {Bonn, Germany},
  publisher = {The MIT Press},
}

@InProceedings{Rao-97,
  author =    {P. Rao and K. Sagonas and T. Swift and D. S. Warren and J. Freire},
  title =     {{XSB: A System for Efficiently Computing Well-Founded Semantics}},
  booktitle = {International Conference on 
               Logic Programming and Non-Monotonic Reasoning},
  pages =     {431--441},
  year =      {1997},
  number =    {1265},
  series =    {LNCS},
  OPTaddress =   {Dagstuhl, Germany},
  OPTmonth =     {July},
  publisher = {Springer-Verlag},
}

@Article{Richards-95,
  author =  {B. Richards and R. Mooney},
  title =   {{Automated Refinement of First-Order Horn-Clause Domain Theories}},
  journal = {Machine Learning},
  volume =  {19},
  number =  {2},
  pages =   {95--131},
  year =    {1995},
}

@Article{Robinson-65,
  author =  {J. A. Robinson},
  title  =  {{A Machine Oriented Logic Based on the Resolution Principle}},
  year =    {1965},
  journal = {Journal of the ACM},
  volume =  {12},
  number =  {1},
  pages =   {23--41},
  OPTmonth =   {January},
}

@PhdThesis{Rocha-PhD,
  author =  {R. Rocha},
  title =   {{On Applying Or-Parallelism and Tabling to Logic Programs}},
  school =  {Department of Computer Science, University of Porto},
  OPTmonth =   {November},
  year =    {2001},
  OPTaddress = {Porto, Portugal},
}

@InProceedings{Rocha-97,
  author =    {R. Rocha and F. Silva and V. {Santos Costa}},
  title =     {{On Applying Or-Parallelism to Tabled Evaluations}},
  booktitle = {International Workshop on Tabling in Logic Programming},
  pages =     {33--45},
  OPTmonth =     {June},
  year =      {1997},
  OPTaddress =   {Leuven, Belgium},
}

@InProceedings{Rocha-99a,
  author =    {R. Rocha and F. Silva and V. {Santos Costa}},
  title =     {{Or-Parallelism within Tabling}},
  booktitle = {International Workshop on Practical Aspects of Declarative Languages},
  pages =     {137--151},
  number =    {1551},
  series =    {LNCS},
  publisher = {Springer-Verlag},
  OPTeditor =    {Gopal Gupta},
  OPTmonth =     {January},
  year =      {1999},
  OPTaddress =   {San Antonio, Texas, USA},
}

@InProceedings{Rocha-99b,
  author =    {R. Rocha and F. Silva and V. {Santos Costa}},
  title =     {{YapOr: an Or-Parallel Prolog System Based on Environment Copying}},
  booktitle = {Portuguese Conference on Artificial Intelligence},
  pages =     {178--192},
  number =    {1695},
  series =    {LNAI},
  publisher = {Springer-Verlag},
  OPTeditor =    {Pedro Barahona and José J. Alferes},
  OPTmonth =     {September},
  year =      {1999},
  OPTaddress =   {Évora, Portugal},
}

@InProceedings{Rocha-00a,
  author =    {R. Rocha and F. Silva and V. {Santos Costa}},
  title =     {{YapTab: A Tabling Engine Designed to Support Parallelism}},
  booktitle = {Conference on Tabulation in Parsing and Deduction},
  pages =     {77--87},
  OPTmonth =     {September},
  year =      {2000},
  OPTaddress =   {Vigo, Spain},
}

@InProceedings{Rocha-00b,
  author =    {R. Rocha and F. Silva and V. {Santos Costa}},
  title =     {{A Tabling Engine for the Yap Prolog System}},
  booktitle = {APPIA-GULP-PRODE Joint Conference on Declarative Programming},
  OPTmonth =     {December},
  year =      {2000},
  OPTaddress =   {La Habana, Cuba},
}

@InProceedings{Rocha-01,
  author =    {R. Rocha and F. Silva and V. {Santos Costa}},
  title =     {{On a Tabling Engine That Can Exploit Or-Parallelism}},
  booktitle = {International Conference on Logic Programming},
  pages =     {43--58},
  number =    {2237},
  series =    {LNCS},
  publisher = {Springer-Verlag},
  OPTeditor =    {Philippe Codognet},
  OPTmonth =     {November/December},
  year =      {2001},
  OPTaddress =   {Paphos, Cyprus},
}

@InProceedings{Rocha-02,
  author =    {R. Rocha and F. Silva and V. {Santos Costa}},
  title =     {{Achieving Scalability in Parallel Tabled Logic Programs}},
  booktitle = {International Parallel and Distributed Processing Symposium},
  publisher = {IEEE Computer Society},
  OPTmonth =     {April},
  year =      {2002},
  OPTaddress =   {Fort Lauderdale, Florida, USA},
}

@InProceedings{Rocha-03a,
  author =    {R. Rocha and F. Silva and R. Martins},
  title =     {{YapDss: an Or-Parallel Prolog System for Scalable Beowulf Clusters}},
  booktitle = {Portuguese Conference on Artificial Intelligence},
  pages =     {136--150},
  number =    {2902},
  series =    {LNAI},
  publisher = {Springer-Verlag},
  OPTeditor =    {Fernando Moura Pires and Salvador Abreu},
  OPTmonth =     {December},
  year =      {2003},
  OPTaddress =   {Beja, Portugal},
}

@InProceedings{Rocha-03b,
  author =    {R. Rocha and F. Silva and V. {Santos Costa}},
  title =     {{A Tabling Engine Designed to Support Mixed-Strategy Evaluation}},
  booktitle = {Colloquium on Implementation of Constraint and LOgic Programming Systems},
  pages =     {33--44},
  OPTmonth =     {December},
  year =      {2003},
  OPTaddress =   {Mumbai, India},
}

@InProceedings{Rocha-04a,
  author =    {R. Rocha and F. Silva and V. {Santos Costa}},
  title =     {{Concurrent Table Accesses in Parallel Tabled Logic Programs}},
  booktitle = {International Euro-Par Conference},
  pages =     {662--670},
  number =    {3149},
  series =    {LNCS},
  publisher = {Springer-Verlag},
  OPTeditor =    {Marco Danelutto and Domenico Laforenza and Marco Vanneschi},
  OPTmonth =     {August/September},
  year =      {2004},
  OPTaddress =   {Pisa, Italy},
}

@InProceedings{Rocha-04b,
  author =    {R. Rocha and F. Silva and V. {Santos Costa}},
  title =     {{Speculative Computations in Or-Parallel Tabled Logic Programs}},
  booktitle = {International Conference on Logic Programming},
  pages =     {254--268},
  number =    {3132},
  series =    {LNCS},
  publisher = {Springer-Verlag},
  OPTeditor =    {Bart Demoen and Vladimir Lifschitz},
  OPTmonth =     {September},
  year =      {2004},
  OPTaddress =   {Saint-Malo, France},
}

@InProceedings{Rocha-04c,
  author =    {M. Ferreira and R. Rocha and S. Silva},
  title =     {{Comparing Alternative Approaches for Coupling Logic Programming with Relational Databases}},
  booktitle = {Colloquium on Implementation of Constraint and LOgic Programming Systems},
  pages =     {71--82},
  OPTmonth =     {September},
  year =      {2004},
  OPTaddress =   {Saint-Malo, France},
}

@InProceedings{Rocha-04d,
  author =    {M. Ferreira and R. Rocha},
  title =     {{The MyYapDB Deductive Database System}},
  booktitle = {European Conference on Logics in Artificial Intelligence},
  pages =     {710--713},
  number =    {3229},
  series =    {LNAI},
  publisher = {Springer-Verlag},
  OPTeditor =    {José Júlio Alferes and João Leite},
  OPTmonth =     {September},
  year =      {2004},
  OPTaddress =   {Lisbon, Portugal},
}

@Article{Rocha-05a,
  author =    {R. Rocha and F. Silva and V. {Santos Costa}},
  title =     {{On applying or-parallelism and tabling to logic programs}},
  journal =   {Theory and Practice of Logic Programming},
  year =      {2005},
  volume =    {5},
  number =    {1 \& 2},
  pages =     {161--205},
  publisher = {Cambridge University Press},
}

@InProceedings{Rocha-05b,
  author =    {R. Rocha and Nuno A. Fonseca and V. {Santos Costa}},
  title =     {{On Applying Tabling to Inductive Logic Programming}},
  booktitle = {European Conference on Machine Learning},
  pages =     {707--714},
  number =    {3720},
  series =    {LNAI},
  publisher = {Springer-Verlag},
  OPTeditor =    {J. Gama and R. Camacho and P. Brazdil and A. Jorge and L. Torgo},
  OPTmonth =     {October},
  year =      {2005},
  OPTaddress =   {Porto, Portugal},
}

@InProceedings{Rocha-05c,
  author =    {R. Rocha and F. Silva and V. {Santos Costa}},
  title =     {{Dynamic Mixed-Strategy Evaluation of Tabled Logic Programs}},
  booktitle = {International Conference on Logic Programming},
  pages =     {250--264},
  number =    {3668},
  series =    {LNCS},
  publisher = {Springer-Verlag},
  OPTeditor =    {M. Gabbrielli and G. Gupta},
  OPTmonth =     {October},
  year =      {2005},
  OPTaddress =   {Sitges, Spain},
}

@InProceedings{Rocha-05d,
  author =    {R. Rocha and R. Lopes and F. Silva and V. {Santos Costa}},
  title =     {{IMPACT: Innovative Models for Prolog with Advanced Control and Tabling}},
  booktitle = {International Conference on Logic Programming},
  pages =     {416--417},
  number =    {3668},
  series =    {LNCS},
  publisher = {Springer-Verlag},
  OPTeditor =    {M. Gabbrielli and G. Gupta},
  OPTmonth =     {October},
  year =      {2005},
  OPTaddress =   {Sitges, Spain},
}

@InProceedings{Rocha-06a,
  author =    {R. Rocha},
  title =     {{Handling Incomplete and Complete Tables in Tabled Logic Programs}},
  booktitle = {International Conference on Logic Programming},
  pages =     {427--428},
  number =    {4079},
  series =    {LNCS},
  publisher = {Springer-Verlag},
  OPTeditor =    {S. Etalle and M. Truszczy\'nski},
  OPTmonth =     {August},
  year =      {2006},
  OPTaddress =   {Seattle, Washington, USA},
}

@InProceedings{Rocha-06b,
  author =    {R. Rocha},
  title =     {{Efficient Support for Incomplete and Complete Tables in the YapTab Tabling System}},
  booktitle = {Colloquium on Implementation of Constraint and LOgic Programming Systems},
  pages =     {2--17},
  OPTeditor =    {E. Pontelli and Hai-Feng Guo},
  OPTmonth =     {August},
  year =      {2006},
  OPTaddress =   {Seattle, Washington, USA},
}

@InProceedings{Rocha-07a,
  author =    {R. Rocha},
  title =     {{On Improving the Efficiency and Robustness of Table Storage Mechanisms for Tabled Evaluation}},
  booktitle = {International Symposium on Practical Aspects of Declarative Languages},
  pages =     {155--169},
  number =    {4354},
  series =    {LNCS},
  publisher = {Springer-Verlag},
  OPTeditor =    {M. Hanus},
  OPTmonth =     {January},
  year =      {2007},
  OPTaddress =   {Nice, France},
}

@InProceedings{Rocha-07b,
  author =    {R. Rocha and C. Silva and R. Lopes},
  title =     {{Implementation of Suspension-Based Tabling in Prolog using External Primitives}},
  booktitle = {Local Proceedings of the 13th Portuguese Conference on Artificial Intelligence},
  pages =     {11--22},
  OPTeditor =    {J. Neves and M. Santos and J. Machado},
  OPTmonth =     {December},
  year =      {2007},
  OPTaddress =   {Guimarães, Portugal},
}
% ----- S -----
@PhdThesis{Sagonas-PhD,
  author =  {K. Sagonas},
  title =   {{The SLG-WAM: A Search-Efficient Engine for Well-Founded Evaluation of Normal Logic Programs}},
  school =  {Department of Computer Science, State University of New York},
  OPTmonth =   {August},
  year =    {1996},
  OPTaddress = {Stony Brook, USA},
}

@InProceedings{Sagonas-94,
  author =    {K. Sagonas and T. Swift and D. S. Warren},
  title =     {{XSB as an Efficient Deductive Database Engine}},
  booktitle = {ACM SIGMOD International Conference on the Management of Data},
  pages =     {442--453},
  OPTaddress =   {Minneapolis, Minnesota, USA},
  year =      {1994},
  publisher = {ACM Press},
}

@InProceedings{Sagonas-96,
  author =    {K. Sagonas and T. Swift and D. S. Warren},
  title =     {{An Abstract Machine for Computing the Well-Founded Semantics}},
  booktitle = {Joint International Conference and Symposium on Logic Programming},
  OPTaddress =   {Bonn, Germany},
  OPTmonth =     {September},
  year =      {1996},
  publisher = {The MIT Press},
  pages =     {274--288},
}

@Article{Sagonas-98,
  author =  {K. Sagonas and T. Swift},
  title =   {{An Abstract Machine for Tabled Execution of Fixed-Order Stratified Logic Programs}},
  journal = {ACM Transactions on Programming Languages and Systems},
  OPTmonth =   {May},
  year =    {1998},
  volume =  {20},
  number =  {3},
  pages =   {586--634}, 
}

@InProceedings{Sagonas-04,
  author =    {K. Sagonas and P. Stuckey},
  title =     {{Just Enough Tabling}},
  booktitle = {ACM SIGPLAN International Conference on Principles and Practice of Declarative Programming},
  pages =     {78--89},
  year =      {2004},
  OPTeditor = 	 {Eugenio Moggi and David Scott Warren},
  OPTaddress = 	 {Verona, Italy},
  OPTmonth = 	 {August},
  publisher = {ACM Press},
}

@InProceedings{Saha-05,
  author =    {D. Saha and C. R. Ramakrishnan},
  title =     {{Incremental Evaluation of Tabled Logic Programs}},
  booktitle = {International Conference on Logic Programming},
  pages =     {235--249},
  number =    {3668},
  series =    {LNCS},
  publisher = {Springer-Verlag},
  OPTeditor =    {M. Gabbrielli and G. Gupta},
  OPTmonth =     {October},
  year =      {2005},
  OPTaddress =   {Sitges, Spain},
}

@InProceedings{Sebag-97,
  author =    {M. Sebag and C. Rouveirol},
  title =     {{Tractable Induction and Classification in First-Order Logic via Stochastic Matching}},
  booktitle = {International Joint Conference on Artificial Intelligence},
  publisher = {Morgan Kaufmann},
  pages =     {888--893},
  year =      {1997},
}

@Article{Shapiro-89,
  author =    {E. Shapiro},
  title =     {{The Family of Concurrent Logic Programming Languages}},
  journal =   {ACM Computing Surveys},
  volume =    {21},
  number =    {3},
  year =      {1989},
  pages =     {413--510},
  publisher = {ACM Press},
}

@Phdthesis{Shen-PhD,
  author = {K. Shen},
  title =  {{Studies of AND/OR Parallelism in Prolog}},
  school = {University of Cambridge},
  year =   {1992},
}

@InProceedings{Shen-92,
  author =    {K. Shen},
  title =     {{Exploiting Dependent And-parallelism in Prolog: The Dynamic Dependent And-Parallel Scheme (DDAS)}},
  booktitle = {Joint International Conference and Symposium on Logic Programming},
  publisher = {The MIT Press},
  year =      {1992},
  pages =     {717--731},
  OPTaddress =   {Washington, DC, USA},
}

@InProceedings{Shen-96,
  author =    {Wei-Min Shen and B. Leng},
  title =     {{Metapattern Generation for Integrated Data Mining}},
  booktitle = {Knowledge Discovery and Data Mining},
  pages =     {152--157},
  year =      {1996},
}

@PhdThesis{Silva-PhD,
  author =  {F. Silva},
  title =   {{An Implementation of Or-Parallel Prolog on a Distributed Shared Memory Architecture}},
  school =  {Department of Computer Science, University of Manchester},
  year =    {1993},
  OPTaddress = {Manchester, England},
  OPTmonth =   {September},
}

@Article{Silva-00,
  author =    {F. Silva and P. Watson},
  title  =    {{Or-Parallel Prolog on a Distributed Memory Architecture}},
  year =      {2000},
  journal =   {Journal of Logic Programming},
  volume =    {43},
  number =    {2},
  pages =     {173--186},
  publisher = {North-Holland},
}

@MastersThesis{Silva-MSc,
  author =  {C. Silva},
  title =   {{On Applying Program Transformation to Implement Tabled Evaluation in Prolog}},
  school =  {University of Porto},
  OPTaddress = {Portugal},
  OPTmonth =   {March},
  year =    {2007},
}

@InProceedings{Sindaha-93,
  author =    {R. Sindaha},
  title=      {{Branch-Level Scheduling in Aurora: The Dharma Scheduler}},
  booktitle = {International Logic Programming Symposium},
  pages =     {403--419},
  year =      {1993},
  publisher = {The MIT Press},
}

@InProceedings{Singleton-93,
  author =    {P. Singleton and P. Brereton},
  title =     {{Storage and Retrieval of First-order Terms Using a Relational Database}},
  booktitle = {British National Conference on Databases},
  year =      {1993},
  number =    {696},
  publisher = {Springer-Verlag},
  series    = {LNCS},
  pages =     {199--219},
  OPTmonth =     {July},
  OPTaddress =   {Keele, U.K.},
}

@InProceedings{Soares-05a,
  author =    {T. Soares and R. Rocha and M. Ferreira},
  title =     {{Pruning Extensional Predicates in Deductive Databases}},
  booktitle = {Colloquium on Implementation of Constraint and LOgic Programming Systems},
  pages =     {13--24},
  OPTeditor =    {C. Schulte and F. Silva and R. Rocha},
  OPTmonth =     {October},
  year =      {2005},
  OPTaddress =   {Sitges, Spain},
}

@TechReport{Soares-05b,
  author = 	{T. Soares and M. Ferreira and R. Rocha},
  title = 	{{The MYDDAS Programmer's Manual}},
  institution = {Department of Computer Science, University of Porto},
  year = 	{2005},
  number =	{DCC-2005-10},
}

@InProceedings{Soares-06a,
  author =    {T. Soares and R. Rocha and M. Ferreira},
  title =     {{Generic Cut Actions for External Prolog Predicates}},
  booktitle = {International Symposium on Practical Aspects of Declarative Languages},
  pages =     {16--30},
  number =    {3819},
  series =    {LNCS},
  publisher = {Springer-Verlag},
  OPTeditor =    {P. Van Hentenryck},
  OPTmonth =     {January},
  year =      {2006},
  OPTaddress =   {Charleston, South Carolina, USA},
}

@InProceedings{Soares-06b,
  author =    {T. Soares and M. Ferreira and R. Rocha and N. A. Fonseca},
  title =     {{On Applying Deductive Databases to Inductive Logic Programming: a Performance Study}},
  booktitle = {Colloquium on Implementation of Constraint and LOgic Programming Systems},
  pages =     {80--94},
  OPTeditor =    {E. Pontelli and Hai-Feng Guo},
  OPTmonth =     {August},
  year =      {2006},
  OPTaddress =   {Seattle, Washington, USA},
}

@InProceedings{Somogyi-06,
  author =    {Z. Somogyi and K. Sagonas},
  title =     {{Tabling in Mercury: Design and Implementation}},
  booktitle = {International Symposium on Practical Aspects of Declarative Languages},
  pages =     {150--167},
  number =    {3819},
  series =    {LNCS},
  publisher = {Springer-Verlag},
  OPTeditor =    {P. Van Hentenryck},
  OPTmonth =     {January},
  year =      {2006},
  OPTaddress =   {Charleston, South Carolina, USA},
}

@InProceedings{Srinivasan-94,
  author =    {A. Srinivasan and S. Muggleton and R.D. King and M.J.E. Sternberg},
  title =     {{Mutagenesis: ILP experiments in a non-determinate biological domain}},
  booktitle = {International Workshop on Inductive Logic Programming},
  pages =     {217--232},
  series =    {GMD-Studien},
  OPTeditor = {S. Wrobel},
  volume =    {237},
  year =      {1994},
}

@Article{Srinivasan-99,
  author =  {A. Srinivasan},
  title =   {{A study of two sampling methods for analysing large datasets with ILP}},
  year =    {1999},
  journal = {Data Mining and Knowledge Discovery},
  volume =  {3},
  number =  {1},
  pages =   {95--123},
}

@InProceedings{Srinivasan-05,
  author =    {A. Srinivasan and R. Kothari},
  title =     {{A Study of Applying Dimensionality Reduction to Restrict the Size of a Hypothesis Space}},
  booktitle = {International Conference on Inductive Logic Programming},
  series =    {LNAI},
  number =    {3625},
  publisher = {Springer-Verlag},
  year =      {2005},
  OPTeditor =    {Stefan Kramer and Bernhard Pfahringer},
  pages =     {348--365},
  OPTmonth =     {August},
  OPTaddress =   {Bonn, Germany},
}

@Book{Sterling-94,
  author =    {L. Sterling and E. Shapiro},
  title =     {{The Art of Prolog}},
  publisher = {The MIT Press},
  year =      {1994},
}

@Book{Stevens-92,
  author =    {W. R. Stevens},
  title =     {{Advanced Programming in the UNIX Environment}},
  publisher = {Addison--Wesley Publishing Company},
  year =      {1992},
}

@PhdThesis{Swift-PhD,
  author =  {T. Swift},
  title =   {{Efficient Evaluation of Normal Logic Programs}},
  school =  {Department of Computer Science, State University of New York},
  OPTmonth =   {December},
  year =    {1994},
  OPTaddress = {Stony Brook, USA},
}

@InProceedings{Swift-94a,
  author =    {T. Swift and D. S. Warren},
  title =     {{Analysis of SLG-WAM Evaluation of Definite Programs}},
  booktitle = {International Logic Programming Symposium},
  pages =     {219--235},
  year =      {1994},
  OPTaddress =   {Ithaca, New York},
  OPTmonth =     {November},
  publisher = {The MIT Press},
}

@InProceedings{Swift-94b,
  author =    {T. Swift and D. S. Warren},
  title =     {{An abstract machine for SLG resolution: Definite Programs}},
  booktitle = {International Logic Programming Symposium},
  pages =     {633--652},
  year =      {1994},
  OPTaddress =   {Ithaca, New York},
  OPTmonth =     {November},
  publisher = {The MIT Press},
}

@InProceedings{Szeredi-89,
  author =    {P. Szeredi},
  title =     {{Performance Analysis of the Aurora Or-Parallel Prolog System}},
  booktitle = {North American Conference on Logic Programming},
  publisher = {The MIT Press},
  year =      {1989},
  pages =     {713--732},
  OPTmonth =     {October},
}

@Inproceedings{Szeredi-91,
  author =    {P. Szeredi},
  title =     {{Using Dynamic Predicates in an Or-Parallel Prolog System}},
  booktitle = {International Logic Programming Symposium},
  publisher = {The MIT Press},
  year =      {1991},
  pages =     {355--371}, 
  OPTmonth =     {October},
}

@InProceedings{Szeredi-96,
  author =    {P. Szeredi and Z. Farkas},
  title =     {{Handling large knowledge bases in parallel Prolog}},
  booktitle = {Workshop on High Performance Logic Programming Systems, European Summer School on Logic, Language, and Information},
  year =      {1996},
  OPTmonth =     {August},
}
% ----- T -----
@InProceedings{Tamaki-86,
  author =    {H. Tamaki and T. Sato},
  title =     {{OLDT Resolution with Tabulation}},
  booktitle = {International Conference on Logic Programming},
  pages =     {84--98},
  year =      {1986},
  number =    {225},
  series =    {LNCS},
  OPTaddress =   {London, UK},
  publisher = {Springer-Verlag},
  OPTmonth =     {July},
}

@Article{Tarjan-72,
  author =  {Tarjan, R. E.},
  title =   {{Depth-First Search and Linear Graph Algorithms}},
  journal = {SIAM Journal on Computing},
  year =    {1972},
  volume =  {1},
  number =  {2},
  pages =   {146--160},
}

@Book{Tick-91,
  author =    {E. Tick},
  title =     {{Parallel Logic Programming}},
  publisher = {The MIT Press},
  year =      {1991},
}

@InProceedings{Tsur-86,
  author =    {S. Tsur and C. Zaniolo},
  title =     {{LDL: A Logic-Based Data Language}},
  booktitle = {International Conference on Very Large Data Bases},
  pages =     {33--41},
  OPTeditor =    {Wesley W. Chu and Georges Gardarin and Setsuo Ohsuga and Yahiko Kambayashi},
  year =      {1986},
  OPTmonth =     {August},
  OPTaddress =   {Kyoto, Japan},
  publisher = {Morgan Kaufmann},
}
% ----- U -----
@Book{Ullman-89,
  author =    {Jeffrey D. Ullman},
  title =     {{Principles of Database and Knowledge-Base Systems}},
  publisher = {Computer Science Press},
  year =      {1989},
  OPTaddress =   {Rockville, Maryland, USA},
}
% ----- V -----
@TechReport{Vaghani-93,
  author =      {J. Vaghani and K. Ramamohanarao and D. Kemp and Z. Somogyi and P. Stuckey and T. Leask and J. Harland},
  title =       {{The Aditi Deductive Database System}},
  institution = {School of Information Technology and Electrical Engineering},
  year =        {1993},
  number =      {93/10},
  address =     {Univ. of Melbourne},
  OPTmonth =      {April},
}

@Phdthesis{VanRoy-PhD,
  author = {P. Van Roy},
  title =  {{Can Logic Programming Execute as Fast as Imperative Programming?}},
  school = {University of California at Berkeley},
  year =   {1990},
  OPTmonth =  {November},
}

@Article{Vieille-89,
  author =  {L. Vieille},
  title =   {{Recursive Query Processing: The Power of Logic}},
  journal = {Theoretical Computer Science},
  year =    {1989},
  volume =  {69},
  number =  {1},
  pages =   {1--53},
  OPTmonth =   {December},
}

@InProceedings{Villaverde-01,
  author =    {K. Villaverde and E. Pontelli and H. Guo and G. Gupta},
  title =     {{PALS: An Or-Parallel Implementation of Prolog on Beowulf Architectures}},
  booktitle = {International Conference on Logic Programming},
  pages =     {27--42},
  year =      {2001},
  number =    {2237},
  series =    {LNCS},
  publisher = {Springer-Verlag},
  OPTOPTaddress =   {Paphos, Cyprus},
}
% ----- W -----
@Article{Walker-93,
  author =  {A. Walker},
  title =   {{Backchain Iteration: Towards a practical inference method that is simple enough to be proved terminating, sound, and complete}},
  journal = {Journal of Automated Reasoning},
  year =    {1993},
  volume =  {11},
  number =  {1},
  pages =   {1--23},
  OPTmonth =   {August},
}

@TechReport{Wallace-97,
  author = 	{M. Wallace and S. Novello and J. Schimpf},
  title = 	{{ECLiPSe: A Platform for Constraint Logic Programming}},
  institution = {IC-Parc, Imperial College},
  year = 	{1997},
  OPTaddress = 	{London, UK},
}

@PhdThesis{Warren-PhD,
  author = {D. H. D. Warren},
  title =  {{Applied Logic -- Its Use and Implementation as a Programming Tool}},
  school = {Edinburgh University},
  year =   {1977},
}

@Article{Warren-77,
  author =  {D. H. D. Warren and L. M. Pereira and F. Pereira},
  title =   {{Prolog -- The Language and its Implementation Compared with Lisp}},
  year =    {1977},
  journal = {ACM SIGPLAN Notices},
  volume =  {12},
  number =  {8},
  pages =   {109--115},
}

@Article{Warren-82,
  author =  {D. H. D. Warren and F. Pereira},
  title	=   {{An Efficient, Easily Adaptable System For Interpreting Natural Language Queries}},
  journal = {American Journal of Computational Linguistics},
  volume =  {8},
  number =  {3--4},
  pages =   {110--122},
  year =    {1982},
}

@TechReport{Warren-83,
  author =      {D. H. D. Warren},
  title =       {{An Abstract Prolog Instruction Set}},
  institution = {SRI International},
  year =        {1983},
  type =        {Technical Note},
  number =      {309},
}

@InProceedings{Warren-87a,
  author =    {D. H. D. Warren},
  title =     {{Or-Parallel Execution Models of Prolog}},
  booktitle = {International Joint Conference on Theory and Practice of Software Development},
  year =      {1987},
  publisher = {Springer-Verlag},
  number =    {250},
  series =    {LNCS},
  OPTaddress =   {Pisa, Italy},
  pages =     {243--259},	
  OPTmonth =     {March},
}

@InProceedings{Warren-87b,
  author =    {D. H. D. Warren},
  title =     {{The SRI Model for Or-Parallel Execution of Prolog -- Abstract Design and Implementation Issues}},
  booktitle = {International Logic Programming Symposium},
  pages =     {92--102},
  year =      {1987},
  publisher = {IEEE Computer Society Press},
  OPTaddress =   {San Francisco, California},
  OPTmonth =     {October},
}

@InProceedings{WarrenDS-84,
  author =    {D. S. Warren},
  title =     {{Efficient Prolog Memory Management for Flexible Control Strategies}},
  booktitle = {International Logic Programming Symposium},
  publisher = {IEEE Computer Society Press},
  OPTaddress =   {Atlantic City},
  pages =     {198--203},	
  year =      {1984},
  OPTmonth =     {February},
}

@Article{WarrenDS-92,
  author =    {D. S. Warren},
  title =     {{Memoing for Logic Programs}},
  journal =   {Communications of the ACM},
  volume =    {35},
  number =    {3},
  year =      {1992},
  pages =     {93--111},
  publisher = {ACM Press},
}

@TechReport{WarrenDS-99,
  author = 	 {D. S. Warren},
  title = 	 {{Programming in Tabled Prolog}},
  institution =  {Department of Computer Science, State University of New York},
  year = 	 {1999},
  number = 	 {},
  OPTaddress = {Stony Brook, USA},
  OPTmonth = 	 {July},
  note = 	 {Available from \verb!http://www.cs.sunysb.edu/~warren/xsbbook/book.html!},
}

@InProceedings{Weber-97,
  author =    {I. Weber},
  title =     {{Discovery of First-Order Regularities in a Relational Database Using Offline Candidate Determination}},
  booktitle = {International Workshop on Inductive Logic Programming},
  year =      {1997},
  pages =     {288--295},
  publisher = {Springer-Verlag},
  OPTaddress =   {London, UK},
}

@InCollection{Wrobel-01,
  author =    {S. Wrobel},
  title =     {{Inductive Logic Programming for Knowledge Discovery in Databases}},
  booktitle = {Relational Data Mining},
  OPTeditor =    {Saso Dzeroski and Nada Lavrac},
  publisher = {Springer-Verlag},
  pages =     {74--101},
  OPTmonth =     {September},
  year =      {2001},
}
% ----- X -----
% ----- Y -----
@Inproceedings{Yang-93,
  author =    {R. Yang and A. Beaumont and I. Dutra and V. {Santos Costa} and D. H. D. Warren},
  title =     {{Performance of the Compiler-based Andorra-I System}},
  booktitle = {International Conference on Logic Programming},
  publisher = {The MIT Press},
  pages =     {150--166},
  year =      {1993}, 
  OPTmonth =     {June},
}

@Inproceedings{Yang-00,
  author =    {G. Yang and M. Kifer},
  title =     {{Flora: Implementing an Efficient Dood System using a Tabling Logic Engine}},
  booktitle = {Computational Logic},
  number =    {1861},
  series =    {LNCS},
  publisher = {Springer-Verlag},
  pages =     {1078--1093},
  OPTmonth =     {June},
  year =      {2000}, 
  OPTaddress =   {London, UK},
}

@Article{YiShen-01,
  author =  {Yi-Dong Shen and Li-Yan Yuan and Jia-Huai You and Neng-Fa Zhou},
  title =   {{Linear Tabulated Resolution Based on Prolog Control Strategy}},
  journal = {Theory and Practice of Logic Programming},
  year =    {2001},
  volume =  {1},
  number =  {1},
  pages =   {71--103},
}
% ----- Z -----
@InProceedings{Zhou-00,
  author =    {Neng-Fa Zhou and Yi-Dong Shen and Li-Yan Yuan and Jia-Huai You},
  title =     {{Implementation of a Linear Tabling Mechanism}},
  pages =     {109--123},
  booktitle = {Practical Aspects of Declarative Languages},
  publisher = {Springer-Verlag},
  series =    {LNCS},
  number =    {1753},
  year =      {2000},
  OPTaddress =   {Boston, MA, USA},
  OPTmonth =     {January},
}

@Article{Zhou-01a,
  author =  {Yi-Dong Shen and Li-Yan Yuan and Jia-Huai You and Neng-Fa Zhou},
  title =   {{Linear Tabulated Resolution Based on Prolog Control Strategy}},
  journal = {Theory and Practice of Logic Programming},
  year =    {2001},
  volume =  {1},
  number =  {1},
  pages =   {71--103},
}

@Article{Zhou-01b,
  author =  {Neng-Fa Zhou and Yi-Dong Shen and Li-Yan Yuan and Jia-Huai You},
  title =   {{Implementation of a Linear Tabling Mechanism}},
  journal = {Journal of Functional and Logic Programming},
  year =    {2001},
  volume =  {2001},
  number =  {10},
}

@Article{Zhou-08,
  author =    {Neng-Fa Zhou and T. Sato and Yi-Dong Shen},
  title =     {{Linear Tabling Strategies and Optimizations}},
  journal =   {Theory and Practice of Logic Programming},
  volume =    {8},
  number =    {1},
  year =      {2008},
  pages =     {81--109},
  publisher = {Cambridge University Press},
  OPTaddress =   {New York, NY, USA},
}
% ----- Systems -----
@Manual{system-aleph,
  author = {A. Srinivasan},
  title =  {{The Aleph Manual}},
  note =   {Available from \verb+http://web.comlab.ox.ac.uk/oucl/research/areas/machlearn/Aleph+},
  year =   {2003},
}

@Manual{system-ciao,
  author = {F. Bueno and D. Cabeza and M. Carro and M. V. Hermenegildo and P. López and G. Puebla},
  title =  {{Ciao Prolog System Manual}},
  note =   {Available from \verb+http://clip.dia.fi.upm.es/Software/Ciao+},
}

@Misc{system-lam,
  title =  {{LAM/MPI Parallel Computing}},
  note =   {Available from \verb+http://www.lam-mpi.org+},
}

@Misc{system-logtalk,
  author = {P. Moura},
  title =  {Logtalk},
  note =   {Available from \verb+http://logtalk.org+},
}

@Book{system-mysql,
  author =    {M. Widenius and D. Axmark},
  title =     {{MySQL Reference Manual: Documentation from the Source}},
  publisher = {O'Reilly Community Press},
  OPTaddress =   {Cambridge},
  year =      {2002},
}

@Techreport{system-sicstus,
  author =      {M. Carlsson and J. Widen},
  title =       {{SICStus Prolog User's Manual}},
  institution = {Swedish Institute of Computer Science},
  year =        {1988},
  OPTmonth =       {October},
  type =        {{SICS Research Report R88007B}},
}

@Manual{system-swi,
  author = {Jan Wielemaker},
  title =  {{SWI-Prolog Reference Manual}},
  note =   {Available from \verb+http://www.swi-prolog.org+},
}

@Misc{system-xmc,
  title = {{LMC: The Logic-Based Model Checking Project}},
  note =  {Available from \verb+http://www.cs.sunysb.edu/~lmc+},
}

@Manual{system-xsb,
  author = {K. Sagonas and D. S. Warren and T. Swift and P. Rao and S. Dawson and J. Freire and E. Johnson and B. Cui and M. Kifer and B. Demoen and L. F. Castro},
  title =  {{XSB Programmers' Manual}},
  note =   {Available from \verb+http://xsb.sourceforge.net+},
}

@Manual{system-yap,
  author = {V. {Santos Costa} and L. Damas and R. Reis and R. Azevedo},
  title =  {{YAP User's Manual}},
  note =   {Available from \verb+http://www.dcc.fc.up.pt/~vsc/Yap+},
}

@InBook{system-warmr,
  author =    {L. Dehaspe and H. Toironen},
  chapter =   {{Discovery of Relational Association Rules}},
  title =     {{Relational Data Mining}},
  year =      {2000},
  pages =     {189--208},
  publisher = {Springer-Verlag},
}
% ----- Applications -----
@Inproceedings{ilp_application-carcinogenesis,
  author =    {A. Srinivasan and R. D. King and S. Muggleton and M. J. E. Sternberg},
  title =     {{Carcinogenesis Predictions Using ILP}},
  booktitle = {International Workshop on Inductive Logic Programming},
  number =    {1297},
  publisher = {Springer-Verlag},
  OPTeditor =    {S. D\v{z}eroski and N. Lavra\v{c}},
  pages =     {273--287},
  year =      {1997},
}

@Misc{ilp_applications,
  author = {{Network~of~Excellence~in~Inductive~Logic~Programming~ILPnet2}},
  title =  {{ILP Applications}},
  note =   {Available from \verb+http://www.cs.bris.ac.uk/~ILPnet2/Applications+},
}

@InBook{ilp_application-mesh,
  author =    {B. Dolsak and I. Bratko and A. Jezernik},
  title =     {{Machine Learning, Data Mining and Knowledge Discovery: Methods and Applications}},
  chapter =   {Application of machine learning in finite element computation},
  publisher = {John Wiley and Sons},
  year =      {1997},
}

@InProceedings{ilp_application-mutagenesis,
  author =    {A. Srinivasan and S. Muggleton and R. D. King and M. J. E. Sternberg},
  title =     {{Mutagenesis: ILP experiments in a non-determinate biological domain}},
  booktitle = {Inductive Logic Programming},
  pages =     {217--232},
  year =      {1994},
  OPTeditor =    {S. Wrobel},
  volume =    {237},
  series =    {GMD-Studien},
}

@Article{ilp_application-pyrimidines,
  author =  {R. D. King and S. Muggleton and M. J. E. Sternberg},
  title =   {{Drug design by machine learning: The use of inductive logic programming to model the structure-activity relationships of trimethoprim analogues binding to dihydrofolate reductase}},
  journal = {National Academy of Sciences},
  year =    {1992},
  volume =  {89},
  number =  {3},
  pages =   {11322--11326},
}

@TechReport{ilp_application-train,
  author =      {D. Michie and S. Muggleton and D. Page and A. Srinivasan},
  title =       {{To the international computing community: A new East-West challenge}},
  institution = {Oxford University Computing Laboratory, Oxford, UK},
  year =        {1994},
}
